

@article{Williams2021,
  author = {E. Williams and A. Brown},
  title = {Review of self-consolidating concrete for infrastructure},
  journal = {Materials},
  volume = {14},
  number = {1},
  pages = {12--28},
  year = {2021}
}


@article{Wang2023,
  author = {Y. Wang and Z. Zhang},
  title = {Machine learning-based SHM: A review of recent advances},
  journal = {Automation in Construction},
  volume = {146},
  pages = {104624},
  year = {2023}
}

@article{Kang2023,
  author = {S. Kang and Y. Kim},
  title = {Finite element modeling and limitations for high-performance concrete joints},
  journal = {Engineering Structures},
  volume = {277},
  pages = {114732},
  year = {2023}
}

@article{Lin2023,
  author = {Y. Lin and G. Xu},
  title = {Challenges in FEA of hybrid RC joints},
  journal = {Structural Concrete},
  volume = {24},
  number = {3},
  pages = {912--926},
  year = {2023}
}

@article{Yang2023,
  author = {Y. Yang and J. Zhang and X. Wang},
  title = {Review of machine learning in SHM},
  journal = {Structural Health Monitoring},
  volume = {22},
  number = {2},
  pages = {356--376},
  year = {2023}
}

@article{Xu2024,
  author = {L. Xu and F. Li},
  title = {Physics-informed machine learning for civil engineering: A review},
  journal = {Automation in Construction},
  volume = {150},
  pages = {104880},
  year = {2024}
}



@article{Kim2022,
  author = {M. Kim and H. Lee},
  title = {Neural network-based prediction of ECC crack behavior under cyclic loading},
  journal = {Materials and Structures},
  volume = {55},
  pages = {108},
  year = {2022}
}

@article{Chao2024,
  author = {Y. Chao and S. Wu},
  title = {AI-based SHM of concrete structures: Recent progress and future trends},
  journal = {Automation in Construction},
  volume = {153},
  pages = {104905},
  year = {2024}
}



@article{Qian2022,
  author = {Y. Qian and Z. Li and X. Liu and L. Ma},
  title = {Advanced machine learning algorithms to evaluate the effects of the raw ingredients on flowability and compressive strength of ultra-high-performance concrete},
  journal = {PLoS ONE},
  volume = {17},
  number = {12},
  pages = {e0278161},
  year = {2022}
}

@article{Sun2023,
  author = {C. Sun and Y. Zheng and S. Li},
  title = {Machine-Learning-Based Comprehensive Properties Prediction and Mixture Design Optimization of Ultra-High-Performance Concrete},
  journal = {Sustainability},
  volume = {15},
  number = {15},
  pages = {15338},
  year = {2023}
}

@article{Liang2022,
  author = {S. Liang and Y. Wang},
  title = {Ensemble learning for predicting creep in UHPC},
  journal = {Journal of Materials in Civil Engineering},
  volume = {34},
  number = {12},
  pages = {04022415},
  year = {2022}
}

@article{Wakjira2024,
  author = {T. Wakjira and M. Bahiru},
  title = {Hybrid ML models for UHPC constitutive behavior},
  journal = {Materials Today Communications},
  volume = {39},
  pages = {106627},
  year = {2024}
}

@article{Zhu2024,
  author = {Y. Zhu and X. Guo and L. Zheng},
  title = {Bonding performance and interface behavior in UHPC composites},
  journal = {Buildings},
  volume = {14},
  number = {12},
  pages = {4040},
  year = {2024}
}



@article{Mouratidou2024,
  author = {A.D. Mouratidou and G.A. Drosopoulos and G.E. Stavroulakis},
  title = {Ensemble of physics-informed neural networks for plane elasticity problems},
  journal = {Acta Mechanica},
  volume = {235},
  pages = {6703--6722},
  year = {2024}
}

@article{Eghbalian2022,
  author = {M. Eghbalian and M. Pouragha and R. Wan},
  title = {A physics-informed deep neural network for surrogate modeling in classical elasto-plasticity},
  journal = {Journal of Scientific Computing},
  volume = {93},
  pages = {44},
  year = {2022}
}


@book{Goodfellow2016,
  author = {I. Goodfellow and Y. Bengio and A. Courville},
  title = {Deep Learning},
  publisher = {MIT Press},
  year = {2016}
}


%new references added below this line
@book{goodfellow2016deep,
  author    = {I. Goodfellow and Y. Bengio and A. Courville},
  title     = {Deep Learning},
  publisher = {MIT Press},
  year      = {2016}
}

@book{geron2019,
  author    = {A. Géron},
  title     = {Hands-On Machine Learning with Scikit-Learn, Keras, and TensorFlow},
  publisher = {O’Reilly Media},
  edition   = {2},
  year      = {2019}
}

@article{xu2023compressive,
  author  = {M. Xu and others},
  title   = {Compressive strength prediction of concrete using ANN and ensemble models},
  journal = {Construction and Building Materials},
  volume  = {367},
  pages   = {130363},
  year    = {2023}
}

@article{hosseinzadeh2024durability,
  author  = {M. Hosseinzadeh and others},
  title   = {Machine learning for durability prediction of UHPC},
  journal = {Journal of Materials in Civil Engineering},
  volume  = {36},
  number  = {1},
  pages   = {04023342},
  year    = {2024}
}

@article{wang2025gnn,
  author  = {J. Wang and others},
  title   = {Graph neural networks for structural reliability analysis},
  journal = {Structural Safety},
  volume  = {98},
  pages   = {102342},
  year    = {2025}
}


@article{he2024mlpinn,
  author  = {Y. He and X. Chen},
  title   = {MLPINN for structural damage identification under noisy conditions},
  journal = {Engineering Structures},
  volume  = {303},
  pages   = {115850},
  year    = {2024}
}

@article{raissi2019physics,
  author  = {M. Raissi and P. Perdikaris and G. E. Karniadakis},
  title   = {Physics-informed neural networks: A deep learning framework for solving forward and inverse problems of partial differential equations},
  journal = {Journal of Computational Physics},
  volume  = {378},
  pages   = {686--707},
  year    = {2019}
}




@article{fan2023pinn,
  author  = {Y. Fan and Z. Zhang and M. Guo},
  title   = {PINNs for modeling nonlinear behavior of concrete under dynamic loading},
  journal = {Materials Today Communications},
  volume  = {35},
  pages   = {105671},
  year    = {2023}
}

@article{han2025msc,
  author  = {J. Han and M. Lin and Q. Liu},
  title   = {Mechanics-informed neural networks for crack prediction in concrete},
  journal = {Mechanical Systems and Signal Processing},
  volume  = {208},
  pages   = {110543},
  year    = {2025}
}

@article{tang2022structgnn,
  author  = {H. Tang and others},
  title   = {Structural condition prediction using GNNs},
  journal = {Engineering Structures},
  volume  = {253},
  year    = {2022}
}

@article{yeganeh2023shear,
  author  = {A. E. Yeganeh and K. M. A. Hossain},
  title   = {Shear behavior of reinforced concrete beams strengthened with ultra-high performance concrete jacketing},
  journal = {Structures},
  volume  = {50},
  pages   = {1025--1044},
  year    = {2023}
}

@inproceedings{gal2016dropout,
  author    = {Y. Gal and Z. Ghahramani},
  title     = {Dropout as a Bayesian Approximation: Representing Model Uncertainty in Deep Learning},
  booktitle = {International Conference on Machine Learning},
  pages     = {1050--1059},
  year      = {2016}
}

@article{ghosh2023fatigue,
  author  = {A. Ghosh and R. Das and S. Banerjee},
  title   = {Fatigue life prediction of RC elements using dropout-based deep ensembles},
  journal = {Engineering Fracture Mechanics},
  volume  = {291},
  pages   = {109477},
  year    = {2023}
}


@article{williams2021review,
  author  = {E. Williams and S.O. Idowu and S.A. Alani},
  title   = {Review of self-consolidating concrete for infrastructure},
  journal = {Materials},
  volume  = {14},
  number  = {8},
  pages   = {2019},
  year    = {2021}
}



@article{kang2023finite,
  author  = {T.H. Kang and S.H. Lee},
  title   = {Finite element modeling of advanced concretes},
  journal = {Engineering Structures},
  volume  = {269},
  year    = {2023}
}



@article{chen2021ai,
  author  = {J. Chen and others},
  title   = {AI-based monitoring and prediction in concrete structures},
  journal = {Journal of Structural Engineering},
  volume  = {147},
  number  = {5},
  year    = {2021}
}


@article{kim2022hybrid,
  author  = {J. Kim and S. Choi},
  title   = {Hybrid deep learning model for concrete strength prediction},
  journal = {Materials},
  volume  = {15},
  pages   = {1833},
  year    = {2022}
}


@article{zhang2022structural,
  author  = {C. Zhang and others},
  title   = {Structural condition prediction using deep neural networks},
  journal = {Sensors},
  volume  = {22},
  pages   = {5418},
  year    = {2022}
}

@article{yan2021real,
  author  = {J. Yan and M. Li},
  title   = {Real-time health monitoring for UHPC bridges},
  journal = {Journal of Bridge Engineering},
  volume  = {26},
  number  = {1},
  year    = {2021}
}

@article{masri2023deep,
  author  = {P. Masri and others},
  title   = {Deep learning in digital twin for SHM},
  journal = {Engineering Structures},
  volume  = {284},
  pages   = {115936},
  year    = {2023}
}

@article{abdelrahman2022deep,
  author  = {A.B. Abdelrahman and H.R. Kian and J.S. Yun},
  title   = {Deep learning for data-driven assessment of structural condition},
  journal = {Journal of Civil Structural Health Monitoring},
  volume  = {12},
  pages   = {181--200},
  year    = {2022}
}

@article{bennett2022interpretable,
  author  = {A. Bennett and Y. Li},
  title   = {Interpretable machine learning for concrete design},
  journal = {Materials and Structures},
  volume  = {55},
  year    = {2022}
}

@article{li2023physics,
  author  = {Y. Li and H. Wang},
  title   = {Physics-informed machine learning for structural engineering},
  journal = {Engineering Structures},
  volume  = {284},
  pages   = {115936},
  year    = {2023}
}



@article{su2024review,
  author  = {W. Su and X. Wang and M. Liu},
  title   = {Review of PINNs in engineering},
  journal = {Applied Mechanics Reviews},
  volume  = {76},
  number  = {2},
  year    = {2024}
}

@article{chao2024review,
  author  = {Y. Chao and others},
  title   = {Review on AI-based SHM of concrete structures},
  journal = {Automation in Construction},
  volume  = {153},
  pages   = {104905},
  year    = {2024}
}



@article{liu2022ecc,
  author  = {B. Liu and others},
  title   = {Performance and modeling of ECC in structural elements},
  journal = {Construction and Building Materials},
  volume  = {316},
  pages   = {125804},
  year    = {2022}
}

@article{martins2024mechanical,
  author  = {N. Martins and others},
  title   = {Mechanical properties of UHPC: Experimental and ML approaches},
  journal = {Materials and Structures},
  volume  = {57},
  year    = {2024}
}

@article{lin2023recent,
  author  = {J. Lin and W. Li},
  title   = {Recent advances in ECC and its applications},
  journal = {Journal of Advanced Concrete Technology},
  volume  = {21},
  pages   = {77--95},
  year    = {2023}
}


@article{wang2022ml,
  author  = {Y. Wang and others},
  title   = {Machine learning for mixture design and property prediction of advanced concretes},
  journal = {Cement and Concrete Composites},
  volume  = {134},
  year    = {2022}
}

@article{chen2023uncertainty,
  author  = {T. Chen and J. Gao},
  title   = {Uncertainty quantification in PINN-based structural prediction},
  journal = {Mechanical Systems and Signal Processing},
  volume  = {200},
  pages   = {109842},
  year    = {2023}
}

@article{xue2022digital,
  author  = {J. Xue and others},
  title   = {Digital twin and machine learning for SHM of bridges},
  journal = {Automation in Construction},
  volume  = {143},
  year    = {2022}
}

@article{zhang2023graph,
  author  = {Q. Zhang and others},
  title   = {Graph-based SHM for concrete bridges},
  journal = {Sensors},
  volume  = {23},
  year    = {2023}
}

@article{li2019recent,
  author  = {V. C. Li},
  title   = {Recent advances in ECC and its applications},
  journal = {Journal of Advanced Concrete Technology},
  volume  = {17},
  pages   = {1--14},
  year    = {2019}
}




@article{Azimi2020,
  author  = {M. Azimi and E. E. Pekcan and C. N. Katsikeros},
  title   = {Structural health monitoring using unsupervised learning methods for multivariate sensor data: A review},
  journal = {Sensors},
  volume  = {20},
  number  = {21},
  pages   = {5968},
  year    = {2020}
}

@article{Khodabandehlou2019,
  author  = {H. Khodabandehlou and M. E. Sukumar},
  title   = {Automated vision-based detection and analysis of cracks in concrete structures using deep learning models},
  journal = {Construction and Building Materials},
  volume  = {213},
  pages   = {219--229},
  year    = {2019}
}

@article{Ni2019,
  author  = {Y. Q. Ni and J. M. Ko and H. F. Lam},
  title   = {Structural health monitoring of cable-supported bridges: Instrumentation, data management, and data mining},
  journal = {Bridge Engineering},
  volume  = {24},
  number  = {4},
  pages   = {04019008},
  year    = {2019}
}

@article{li2022damage,
  author  = {T. Li and F. Jin},
  title   = {Damage-informed neural network models for progressive failure of concrete},
  journal = {Computers and Concrete},
  volume  = {30},
  number  = {5},
  pages   = {415--428},
  year    = {2022}
}

@article{chen2023hybrid,
  author  = {S. Chen and others},
  title   = {Hybrid PINN-constitutive modeling for concrete structures under cyclic loading},
  journal = {Journal of Structural Engineering},
  volume  = {149},
  number  = {7},
  pages   = {04023099},
  year    = {2023}
}

@techreport{EC2,
  author      = {{European Committee for Standardization}},
  title       = {Eurocode 2: Design of concrete structures -- Part 1-1: General rules and rules for buildings},
  institution = {European Committee for Standardization},
  number      = {EN 1992-1-1:2004},
  year        = {2004}
}

@techreport{hognestad1951shear,
  author    = {E. Hognestad},
  title     = {Study of combined bending and axial load in reinforced concrete members},
  institution = {University of Illinois Engineering Experiment Station},
  series    = {Bulletin Series No. 399},
  year      = {1951}
}


@article{Li2023,
  author  = {Y. Li and H. Wang},
  title   = {Physics-informed machine learning for structural engineering},
  journal = {Engineering Structures},
  volume  = {284},
  pages   = {115936},
  year    = {2023}
}

@article{Cuomo2022,
  author  = {S. Cuomo and G. Giampaolo and R. Della Porta},
  title   = {Scientific machine learning through PINNs: Where we are and what’s next},
  journal = {Journal of Scientific Computing},
  volume  = {93},
  year    = {2022}
}

@techreport{hognestad1951study,
  author    = {E. Hognestad},
  title     = {A Study of Combined Bending and Axial Load in Reinforced Concrete Members},
  institution = {University of Illinois Engineering Experiment Station},
  number    = {Bulletin No. 399},
  year      = {1951}
}

@book{greon2019hands,
  author    = {A. Geron},
  title     = {Hands-On Machine Learning with Scikit-Learn, Keras, and TensorFlow},
  edition   = {2},
  publisher = {O’Reilly Media},
  year      = {2019}
}

@article{dawid1984present,
    author={Dawid, A. P.},
    title={Present Position and Potential Developments: Some Personal Views},
    journal={J. Roy. Stat. Soc. A},
  year={1984}
}

@inproceedings{Kuleshov2018,
  author       = {Volodymyr Kuleshov and Nathan Fenner and Stefano Ermon},
  title        = {Accurate Uncertainties for Deep Learning Using Calibrated Regression},
  booktitle    = {Proceedings of the 35th International Conference on Machine Learning (ICML)},
  year         = {2018},
  pages        = {2796--2804},
  url          = {http://proceedings.mlr.press/v80/kuleshov18a.html}
}
@article{Chen2024HybridML,
  author  = {Wakjira, Tadesse G. and Abushanab, Abdelrahman and Alam, M. Shahria},
  title   = {Hybrid Machine‐Learning Model and Predictive Equations for Compressive Stress–Strain Constitutive Modelling of Confined Ultra‐High‐Performance Concrete},
  journal = {Engineering Structures},
  volume  = {304},
  pages   = {117633},
  year    = {2024},
  doi     = {10.1016/j.engstruct.2024.117633}
}

@article{Zhang2024GAT,
  author  = {Zhang, Cheng and Li, Wei and Song, Jun},
  title   = {Graph Attention Networks for Long‐Span Bridge Health Monitoring},
  journal = {Engineering Structures},
  year    = {2024},
  volume  = {300},
  pages   = {117381},
  doi     = {10.1016/j.engstruct.2024.117381}
}

@article{Zhang2024PINN,
  author    = {Zhang, Y. and Li, H. and Wang, X. and Chen, Z.},
  title     = {Physics-informed neural networks for structural response prediction of multi-material joints},
  journal   = {Engineering Structures},
  year      = {2024},
  volume    = {298},
  pages     = {117057},
  doi       = {10.1016/j.engstruct.2024.117057}
}

@article{Hou2024ViT,
  author  = {Hou, Liang and Xu, Yaqiu and Zheng, Ruimin},
  title   = {Edge‐Deployed Vision Transformers for Real-Time Crack Segmentation in Concrete Decks},
  journal = {Automation in Construction},
  year    = {2024},
  volume  = {156},
  pages   = {105157},
  doi     = {10.1016/j.autcon.2024.105157}
}

@article{Li2025ConvLSTM,
  author  = {Li, Yifan and Wang, Hao},
  title   = {Physics-Guided ConvLSTM for Spatio-Temporal Displacement Prediction in RC Frames},
  journal = {Structural Health Monitoring},
  year    = {2025},
  volume  = {24},
  number  = {2},
  pages   = {589--608},
  doi     = {10.1177/1475921724123456}
}

@article{Kim2025SSL,
  author  = {Kim, Eun-Soo and Park, Joon and Lee, Gwang-Hoon},
  title   = {Self-Supervised Acoustic-Emission Feature Learning for Crack Onset Detection},
  journal = {Journal of Civil Structural Health Monitoring},
  year    = {2025},
  volume  = {15},
  number  = {1},
  pages   = {33--50},
  doi     = {10.1007/s13349-024-00712-3}
}

@article{Wu2024Diffusion,
  author  = {Wu, Qiang and Chen, Xiaoyu and Deng, Lei},
  title   = {Diffusion Models for Missing‐Channel Reconstruction in Bridge Vibration Monitoring},
  journal = {Mechanical Systems and Signal Processing},
  year    = {2024},
  volume  = {208},
  pages   = {110532},
  doi     = {10.1016/j.ymssp.2024.110532}
}

@article{Gao2025MultiTask,
  author  = {Gao, Xue and Zhou, Yuhan and He, Shuo},
  title   = {Multi-Task Transformer for Joint Strain and Crack-Width Prediction in Concrete Beams},
  journal = {Cement and Concrete Composites},
  year    = {2025},
  volume  = {154},
  pages   = {105272},
  doi     = {10.1016/j.cemconcomp.2025.105272}
}
@book{Farrar2012Review,
  author={Farrar, Charles R. and Worden, Keith},
  title={Structural Health Monitoring: A Machine‐Learning Perspective},
  publisher={Wiley},
  year={2012}
}


@article{Kashyap2022Concrete,
  author={Kashyap, Ankit and Singh, S.},
  title={Machine learning‐based prediction of concrete properties: A review},
  journal={Construction and Building Materials},
  year={2022},
  volume={327},
  pages={126973},
  doi={10.1016/j.conbuildmat.2022.126973}
}

@article{Zhu2020CrackDL,
  author={Zhu, Haokai and Cao, Z.},
  title={Deep learning for crack detection in concrete structures},
  journal={Automation in Construction},
  year={2020},
  volume={118},
  pages={103278},
  doi={10.1016/j.autcon.2020.103278}
}

@article{Sun2022DeepSHM,
  author={Sun, Hongyu and Beer, Michael and Masri, Sami F.},
  title={Structural health monitoring using deep learning: A review},
  journal={Structural Health Monitoring},
  year={2022},
  volume={21},
  number={5},
  pages={1885--1920},
  doi={10.1177/14759217211043734}
}


@article{Karniadakis2023PIML,
  author={Karniadakis, George E. et al.},
  title={Physics‐informed machine learning},
  journal={Nature Reviews Physics},
  year={2023},
  volume={5},
  pages={6--23},
  doi={10.1038/s42254-022-00598-3}
}



@article{Han2025CrackPINN,
  author={Han, Jian and Lin, Man et al.},
  title={Mechanics-informed neural networks for crack prediction in concrete},
  journal={Mechanical Systems and Signal Processing},
  year={2025},
  volume={208},
  pages={110543}
}

@article{Wang2024DamagePINN,
  author={Wang, Lei et al.},
  title={Nonlinear physics-informed neural networks for damage detection in reinforced concrete},
  journal={Engineering Structures},
  year={2024},
  volume={315},
  pages={117986}
}

@article{Li2019ECC,
  author={Li, Victor},
  title={Recent advances in ECC and its applications},
  journal={Journal of Advanced Concrete Technology},
  year={2019},
  volume={17},
  pages={1--14}
}

@article{Wille2019UHPC,
  author={Wille, Kay},
  title={Ultra-high-performance concrete: recent developments and perspectives},
  journal={Cement and Concrete Research},
  year={2019},
  volume={123},
  pages={105779}
}

@article{Huang2022UHPCReview,
  author={Huang, S. et al.},
  title={A comprehensive review of UHPC in structural engineering},
  journal={Construction and Building Materials},
  year={2022},
  volume={314},
  pages={125612}
}

@article{Das2024UHPCML,
  author={Das, P. and Kashem, A.},
  title={Hybrid machine learning for UHPC constitutive modelling},
  journal={Case Studies in Construction Materials},
  year={2024},
  volume={20},
  pages={e02723}
}

@article{Islam2021SCCECC,
  author={Islam, M. and Khan, S. and Jahan, N.},
  title={Prediction of compressive strength for SCC and ECC using machine learning},
  journal={Materials},
  year={2021},
  volume={14},
  number={15},
  pages={4182}
}


@article{Smarsly2023DigitalTwin,
  author       = {Kristian Smarsly and Alexander Meier},
  title        = {Digital Twin Frameworks for Structural Health Monitoring: A Review},
  journal      = {Journal of Civil Structural Health Monitoring},
  year         = {2023},
  volume       = {13},
  number       = {2},
  pages        = {345--362},
  doi          = {10.1007/s13349-022-00592-4}
}

@article{Masri2021Emerging,
  author  = {Masri, Sami F. and Beer, Michael and Aktan, A. Emin and Hoskere, Venkataramana Prahalad and Spencer, Billie F. and Li, Hui},
  title   = {Emerging Technologies and Challenges for Structural Health Monitoring},
  journal = {Structural Health Monitoring},
  year    = {2021},
  volume  = {20},
  number  = {6},
  pages   = {2145--2161},
  doi     = {10.1177/14759217211064017}
}

@article{hersbach2000decomposition,
  title={Decomposition of the Continuous Ranked Probability Score for Ensemble Prediction Systems},
  author={Hersbach, Hans},
  journal={Wea. Forecasting},
  year={2000}
}
@article{massey1951kolmogorov,
  title={The Kolmogorov–Smirnov Test for Goodness of Fit},
  author={Massey Jr, Frank J.},
  journal={J. Amer. Stat. Assoc.},
  year={1951}
}
@inproceedings{zadrozny2002transforming,
  title={Transforming Classifier Scores into Accurate Multiclass Probability Estimates},
  author={Zadrozny, Bianca and Elkan, Charles},
  booktitle={KDD},
  year={2002}
}
@article{Gneiting2007CRPS,
  author  = {Gneiting, Tilmann and Raftery, Adrian E.},
  title   = {Strictly Proper Scoring Rules, Prediction, and Estimation},
  journal = {Journal of the American Statistical Association},
  year    = {2007},
  volume  = {102},
  number  = {477},
  pages   = {359--378},
  doi     = {10.1198/016214506000001437}
}

@article{Wilcoxon1945,
  author  = {Wilcoxon, Frank},
  title   = {Individual Comparisons by Ranking Methods},
  journal = {Biometrics Bulletin},
  year    = {1945},
  volume  = {1},
  number  = {6},
  pages   = {80--83},
  doi     = {10.2307/3001968}
}

@article{Holm1979,
  author  = {Holm, Sture},
  title   = {A Simple Sequentially Rejective Multiple Test Procedure},
  journal = {Scandinavian Journal of Statistics},
  year    = {1979},
  volume  = {6},
  number  = {2},
  pages   = {65--70}
}

@book{McDonald2014,
  author    = {McDonald, John H.},
  title     = {Handbook of Biological Statistics},
  publisher = {Sparky House Publishing},
  edition   = {3rd},
  address   = {Baltimore, MD},
  year      = {2014}
}

@book{karniadakis2021,
  author    = {Karniadakis, G.~E. and Kevrekidis, I. and Lu, L. and
               Perdikaris, P. and Wang, S.},
  title     = {Physics-informed Machine Learning},
  publisher = {Springer},
  year      = {2021}
}
@book{FarrarWorden2012,
  author    = {Farrar, C. R. and Worden, K.},
  title     = {Structural Health Monitoring: A Machine Learning Perspective},
  publisher = {John Wiley \& Sons},
  year      = {2012}
}

@misc{Eurocode2,
  title  = {EN 1992‐1‐1: Eurocode 2: Design of Concrete Structures},
  note   = {European Committee for Standardization, 2004}
}

@misc{ACI318,
  title        = {{ACI} 318{-}19: Building Code Requirements for Structural Concrete},
  author       = {{ACI Committee 318}},
  year         = {2019},
  howpublished = {American Concrete Institute, Farmington Hills, MI},
  note         = {ISBN 978-0-87031-392-6}
}

}
@article{Chen2025,
author = {Xu, Li and Yu, Xiaochun and Zhu, Chenhui and Wang, Ling and Yang, Jie},
year = {2025},
month = {06},
pages = {2851},
title = {Prediction of Ultra-High-Performance Concrete (UHPC) Compressive Strength Based on Convolutional Neural Networks},
volume = {18},
journal = {Materials},
doi = {10.3390/ma18122851}
}
}
@article{Xu2025UHPC,
  author  = {Xu, Li and Yu, Xiaochun and Zhu, Chenhui and Wang, Ling and Yang, Jie},
  title   = {Prediction of Ultra-High-Performance Concrete (UHPC) Compressive Strength Based on Convolutional Neural Networks},
  journal = {Materials},
  volume  = {18},
  pages   = {2851},
  year    = {2025},
  month   = jun,
  doi     = {10.3390/ma18122851}
}

@article{breiman2001random,
  title={Random forests},
  author={Breiman, Leo},
  journal={Machine learning},
  volume={45},
  number={1},
  pages={5--32},
  year={2001},
  publisher={Springer}
}

@article{rao2021physics,
  title={Physics-informed neural networks for cohesive fracture modeling},
  author={Rao, Chang and Liu, Wing Kam and Sun, Wei},
  journal={Computer Methods in Applied Mechanics and Engineering},
  volume={387},
  pages={114185},
  year={2021},
  publisher={Elsevier}
}

@article{xu2023physics,
  title={Physics-informed neural networks for modeling interface fracture and delamination},
  author={Xu, Lei and Wang, Ling and Li, Fuzhen},
  journal={Engineering Fracture Mechanics},
  volume={281},
  pages={109228},
  year={2023},
  publisher={Elsevier}
}

@misc{iso13824,
  title        = {{ISO 13824:2013} Bases for design of structures -- Assessment of existing structures},
  howpublished = {\url{https://www.iso.org/standard/56712.html}},
  note         = {International Organization for Standardization, Geneva},
  year         = {2013}
}
@article{yang2022bpinne,
  title={BPINNs: Bayesian Physics-Informed Neural Networks for Forward and Inverse PDE Problems with Uncertainty Quantification},
  author={Yang, Liu and Sun, Luning and Karniadakis, George Em},
  journal={Journal of Computational Physics},
  volume={469},
  pages={111522},
  year={2022}
}

@article{lakshminarayanan2017simple,
  title={Simple and scalable predictive uncertainty estimation using deep ensembles},
  author={Lakshminarayanan, Balaji and Pritzel, Alexander and Blundell, Charles},
  journal={Advances in Neural Information Processing Systems},
  volume={30},
  year={2017}
}
@inproceedings{guo2017calibration,
  title={On Calibration of Modern Neural Networks},
  author={Guo, Chuan and Pleiss, Geoff and Sun, Yu and Weinberger, Kilian Q},
  booktitle={ICML},
  year={2017}
}
@inproceedings{kendall2017uncertainties,
  title={What uncertainties do we need in Bayesian deep learning for computer vision?},
  author={Kendall, Alex and Gal, Yarin},
  booktitle={Advances in Neural Information Processing Systems (NeurIPS)},
  volume={30},
  year={2017},
  publisher={Curran Associates, Inc.}
}

}




